@article{henive08a,
  title = {Open answer set programming with guarded programs},
  author = {S Heymans and D. {Van Nieuwenborgh} and D. Vermeir},
  doi = {10.1145/1380572.1380575},
  journal = tocl,
  number = {4},
  pages = {26:1-26:53},
  url = {https://doi.org/10.1145/1380572.1380575},
  volume = {9},
  year = {2008}
}